<?xml version="1.0" encoding="UTF-8"?><collection xmlns="http://www.loc.gov/MARC21/slim"><record><leader>00403nam--2200133-i-4500</leader><controlfield tag="001">000029582</controlfield><controlfield tag="002">20161230</controlfield><controlfield tag="005">20161230201037</controlfield><controlfield tag="008">060222s1000------------r-----000-0-eng-d</controlfield><datafield ind1=" " ind2=" " tag="080"><subfield code="a">539.12.01</subfield></datafield><datafield ind1=" " ind2=" " tag="100"><subfield code="a">Ladislau,  Banyai</subfield></datafield><datafield ind1=" " ind2=" " tag="245"><subfield code="a">Model cu schimb de particule pentru amplitudini de joasa energie.autoreferatul tezei de doctorat</subfield></datafield><datafield ind1=" " ind2=" " tag="260"><subfield code="a">Bucuresti, Institutul De Fizica, 1967. 29p</subfield></datafield><datafield ind1=" " ind2=" " tag="852"><subfield code="a">29500</subfield></datafield></record></collection>